@THESIS{bachelor-thesis,
  author    = {Matteo Caligiuri},
  title     = {Environmental sensing tramite Wi-Fi radio},
  school    = {Department of Information Engineering, Università degli Studi di Padova},
  year      = {2020},
  type      = {BSc thesis},
  address   = {Padova, Italy},
  keywords  = {Wi-Fi radio, Spatial analysis, Heart rate},
  timestamp = {2020.09.21}
}

@MASTERSTHESIS{master-thesis,
  author    = {Matteo Caligiuri},
  title     = {Non-Line-of-Sight Imaging from iToF data},
  school    = {Department of Information Engineering, Università degli Studi di Padova},
  year      = {2022},
  type      = {MSc thesis},
  address   = {Padova, Italy},
  keywords  = {nlos, itof, imaging, deep learning, neural network},
  timestamp = {2022.10.13},
  url       = {http://hdl.handle.net/20.500.12608/36257}
}

@INPROCEEDINGS{rizzoli2024hyperflaw,
  title     = {When Cars meet Drones: Hyperbolic Federated Learning for Source-Free Domain Adaptation in Adverse Weather},
  author    = {Rizzoli, Giulia* and Caligiuri*, Matteo and Shenaj, Donald and Barbato, Francesco and Zanuttigh, Pietro},
  booktitle = {Proceedings of the IEEE/CVF Winter Conference on Computer Vision},
  month     = {02},
  year      = {2025},
  abstract  = {This paper explores FL for semantic segmentation in autonomous vehicles, introducing a batch-norm weather-aware strategy for adverse conditions and presenting FLYAWARE, the first dataset featuring adverse weather data for UAVs.},
  keywords  = {car, drone, deep learning, federated learning},
}
@INPROCEEDINGS{caligiuri2024night,
  title     = {NIGHT - Non-Line-of-Sight Imaging from iToF data},
  author    = {Caligiuri, Matteo and Simonetto, Adriano and Zanuttigh, Pietro},
  booktitle = {Proceedings of the IEEE/CVF European Conference on Computer Vision - MELEX workshop},
  month     = {09},
  year      = {2024},
  abstract  = {This paper addresses acquiring objects outside a camera’s Line-of-Sight using off-the-shelf indirect Time of Flight sensors. A Deep Learning model treats reflective surfaces as virtual mirrors, enabling depth retrieval from hidden scenes.},
  keywords  = {nlos, itof, imaging, deep learning, neural network},
}

@INPROCEEDINGS{rizzoli2023syndrone,
  title     = {SynDrone-Multi-Modal UAV Dataset for Urban Scenarios},
  author    = {Rizzoli, Giulia and Barbato, Francesco and Caligiuri, Matteo and Zanuttigh, Pietro},
  booktitle = {Proceedings of the IEEE/CVF International Conference on Computer Vision},
  pages     = {2210--2220},
  month     = {10},
  year      = {2023},
  abstract  = {This paper introduces a multimodal synthetic dataset, including pixel-level annotations, to enhance training for CV algorithms in Unmanned Aerial Vehicles (UAVs) and facilitate synthetic-to-real adaptation.},
}

@INPROCEEDINGS{gt-paper,
  author    = {Caligiuri, Matteo and Galizio, Daniele and Lincetto, Federico and Gindullina, Elvina and Badia, Leonardo},
  booktitle = {2022 International Conference on Electrical and Information Technology (IEIT)},
  title     = {A Bayesian Game of Multisource Energy Harvesting for Batteryless IoT Devices},
  month     = {09},
  year      = {2022},
  pages     = {414-419},
  abstract  = {This paper uses game theory to optimize energy harvesting for a batteryless IoT device powered by two sources.},
  doi       = {10.1109/IEIT56384.2022.9967890},
}
